@misc{unitedNations,
    author = "United Nations",
    title = "What is Climate Change?",
    url  = "https://www.un.org/en/climatechange/what-is-climate-change",
    note = {date accessed: 25.11.2022},
    year = "2021",
    keywords = "climateChange"
}

@article{foodWasteAshok,
    author = "Chapagain, A.K.",
    title = "Accounting for the Impact of Food Waste on Water Resources and Climate Change",
    journal = "Food Industry Wastes",
    chapter = "12",
    pages = "217--236",
    year = "2013",
    DOI = "https://doi.org/10.1016/B978-0-12-391921-2.00012-3",
    keywords = "foodWaste, climateChange"
}

@article{agriculturalAdaptationAnderson,
    author = "Anderson, R. and Bayer, P.E. and Edwards, D.",
    title = "Climate Change and the Need for Agricultural Adaptation",
    journal = "Current Opinion in Plant Biology",
    volume = "56",
    pages = "197--202",
    year = "2020",
    DOI = "https://doi.org/10.1016/j.pbi.2019.12.006",
    keywords = "climateChange, agriculture"
}

@article{CzechPotopova,
    author = "Potopova, V. and Zahradnicek, P. and Stepanek, P. and Turkott. L. and Farda, A. and Soukup, J.",
    title = "The Impacts of Key Adverse Weather Events on the Field-Grown Vegetable Yield Variability in the Czech Republic from 1961 to 2014",
    journal = "International Journal of Climatology",
    volume = "37",
    pages = "1648--1664",
    year = "2016",
    DOI = "https://doi.org/10.1002/joc.4807",
    keywords = "Czech, weather"
}

@article{ScotlandGregory,
    author = "Gregory, P.J. and Marshall, B.",
    title = "Attribution of Climate Change: a Methodology to Estimate the Potential Contribution to Increases in Potato Yield in Scotland since 1960",
    journal = "Global Change Biology",
    volume = "18",
    pages = "1372--1388",
    year = "2011",
    DOI = "https://doi.org/10.1111/j.1365-2486.2011.02601.x",
    keywords = "climateChange, Scotland"
}

@misc{machineLearningIBM,
    author = "IBM Cloud Education",
    title = "Machine Learning",
    url  = "https://www.ibm.com/uk-en/topics/machine-learning",
    note = {date accessed: 25.11.2022},
    year = "2018",
    keywords = "machineLearning"
}

@article{HinduKushHussain,
    author = "Hussain, A. and Rasul, G. and Mahapatra, B. and  Tuladhar, S.",
    title = "Household Food Security in the Face of Climate Change in the Hindu-Kush Himalayan Region",
    journal = "Food Security",
    volume = "8",
    pages = "921--937",
    year = "2016",
    DOI = "https://doi.org/10.1007/s12571-016-0607-5",
    keywords = "cliamteChange, HinduKush"
}

@misc{machineLearningBerkeley,
    author = "Berkeley School of Informatics",
    title = "What is Machine Learning (ML)?",
    url  = "https://ischoolonline.berkeley.edu/blog/what-is-machine-learning/",
    note = {date accessed: 27.11.2022},
    year = "2020",
    keywords = "machineLearning, Berkeley"
}

@misc{machineLearningNvidia,
    author = "Salian, I. and Nvidia",
    title = "SuperVize Me: What’s the Difference Between Supervised, Unsupervised, Semi-Supervised and Reinforcement Learning?",
    url  = "https://blogs.nvidia.com/blog/2018/08/02/supervised-unsupervised-learning/",
    note = {date accessed: 27.11.2022},
    year = "2018",
    keywords = "machineLearning, nvidia"
}

@article{supervisedPrecisionAgriculturePhasinam,
    author = "Phasinam, K. and Kassanuk, T.",
    title = "Supervised Machine Learning in Precision Agriculture",
    journal = "International Journal of Mechanical Engineering",
    volume = "7",
    pages = "1621--1625",
    year = "2022",
    howpublished = "\url{https://www.researchgate.net/publication/362790694_Supervised_Machine_Learning_in_Precision_Agriculture}",
    keywords = "machineLearning, supervised, precisionAgriculture"
}

@manual{learnAdafruit,
    author = "Rembor, K.",
    title = "Introducing Adafruit CLUE",
    organization = "Adafruit",
    url  = "https://learn.adafruit.com/adafruit-clue?view=all",
    note = {date accessed: 15.11.2022},
    year = "2020",
    keywords = "adafruit"
}

@book{designPatterns,
    author = "Shvets, A.",
    title = "Dive into Design Patterns",
    publisher = "Refactoring.Guru",
    pages = "208--217",
    year = "2018",
    keywords  = "designPatterns, facade"
}

@misc{FDA,
    author = "FDA",
    title = "FDA Completes First Pre-Market Consultation for Human Food Made Using Animal Cell Culture Technology",
    url  = "https://www.fda.gov/food/cfsan-constituent-updates/fda-completes-first-pre-market-consultation-human-food-made-using-animal-cell-culture-technology",
    note = {date accessed: 21.11.2022},
    year = "2022",
    keywords = "FDA, cellCultureTechnology"
}

@article{coffeeCountRamos,
    author = "Ramos, P.J. and Prieto,F.A. and Montoya, E.C. and Oliveros, C.E",
    title = "Automatic Fruit Count on Coffee Branches Using Computer Vision",
    journal = "Computers and Electronics in Agriculture",
    volume = "137",
    pages = "9--22",
    year = "2017",
    DOI = "https://doi.org/10.1016/j.compag.2017.03.010", 
    keywords = "computerVision, machineLearning, coffeeFruit"
}

@article{strawberryThrips,
    author = "Ebrahimi, M.A. and Khoshtaghaza, M.H. and  Minaei, S. and Jamshidi, B.",
    title = "Vision-Based Pest Detection Based on SVM Classification Methods",
    journal = "Computers and Electronics in Agriculture",
    volume = "137",
    pages = "52--58",
    year = "2017",
    DOI = "https://doi.org/10.1016/j.compag.2017.03.016",
    keywords = "strawberry, machineLearning, SVM, agriculture"
}

@article{MLAgricultureLiakos,
    author = "Liakos, K.G. and Busato, P. and Moshou, D. and Pearson, S. and Bochtis, D.",
    title = "Machine Learning in Agriculture: A Review",
    journal = "Sensors",
    volume = "18(8)",
    pages = "2674",
    year = "2018",
    DOI = "https://doi.org/10.3390/s18082674",
    keywords = "machineLearning, agriculture"
}

@manual{kitronikBoard,
    author = "Kitronik",
    title = "Environmental Control Board for the BBC Micro:bit",
    url  = "https://resources.kitronik.co.uk/pdf/5697-kitronik-environmental-board-for-bbc-micro-bit-datasheet.pdf",
    note = {date accessed: 15.11.2022},
    keywords = "Kitronik, experiment, datasheet"
}

@misc{moistureSensor,
    author = "Kitronik",
    title = "Kitronik 'Mini' Prong Soil Moisture Sensor for BBC micro:bit",
    url = "https://shop.pimoroni.com/products/kitronik-mini-prong-soil-moisture-sensor-for-bbc-micro-bit?variant=32369580179539&currency=GBP&utm_source=google&utm_medium=cpc&utm_campaign=google+shopping?utm_source=google&utm_medium=surfaces&utm_campaign=shopping&gclid=CjwKCAjw5pShBhB_EiwAvmnNV5Yz_zDQl7WPfp-LBYOKLuVpcBVJsyHZvrlTl0H_g9JRk3aCaoxfsBoCnRgQAvD_BwE",
    note = {date accessed: 5.12.2022},
    keywords = "kitronik, experiment"

}

@misc{kitronikStore,
    author = "Kitronik",
    title = "Kitronik Smart Greenhouse Kit for the BBC micro:bit",
    url = "https://kitronik.co.uk/products/5699-kitronik-smart-greenhouse-kit",
    note = {date accessed: 17.05.2023},
    keywords = "kitronik, experiment, greenhouse"
}

@misc{circuitpython,
    author = "George, D. and MicroPython Community",
    title = "CircuitPython",
    url = "https://circuitpython.org/",
    note = {date accessed: 29.12.2022},
    keywords = "circuitpython, python"
}

@article{lightOnPlantGrowth,
    author = "Lazzarini, L.E.S. and Bertolucci, S.K.V. and Pacheco, F.V. and et al.",
    title = "Quality and intensity of light affect Lippia gracilis Schauer plant growth and volatile compounds in vitro",
    journal = "Plant Cell, Tissue and Organ Culture (PCTOC)",
    volume = "135",
    pages = "367--379",
    year = "2018",
    DOI = "https://doi.org/10.1007/s11240-018-1470-1",
    keywords = "plantGrowth, light, experiments"
}

@incollection{bayir2019plant,
  title = "Plant family, carvacrol, and putative protection in gastric cancer",
  author = "Bayir, A.G. and Kiziltan, H.S. and Kocyigit, A.",
  booktitle = "Dietary interventions in gastrointestinal diseases",
  pages = "3--18",
  year = "2019",
  DOI = "https://doi.org/10.1007/s11240-018-1470-1",
  publisher = "Elsevier",
  keywords = "plantGrowth, light, experiments"
}

@incollection{ALCANTARA2011309,
    author = "Alcántara, A.R. and Hernaiz, M.-J. and Sinisterra, J.-V.",
    title = "3.28 - Biocatalyzed Production of Fine Chemicals",
    booktitle = "Comprehensive Biotechnology (Second Edition)",
    publisher = "Academic Press",
    edition = "Second Edition",
    pages = "309--331",
    year = "2011",
    isbn = "978-0-08-088504-9",
    doi = "https://doi.org/10.1016/B978-0-08-088504-9.00225-7",
    keywords = "Biocatalysis, Biotransformations, Fine chemicals, White biotechnology"
}

@manual{microbitDoc,
    author = "Multiple authors",
    title = "BBC micro:bit MicroPython",
    url  = "https://microbit-micropython.readthedocs.io/en/latest/pin.html",
    note = {date accessed: 15.11.2022},
    keywords = "microbit, documentation"
}

 @misc{neopixelGit,
    url = "https://github.com/adafruit/Adafruit_CircuitPython_NeoPixel", 
    author = "Adafruit",
    journal = "GitHub",
    year = "2023",
    note = {date accessed: 18.12.2022},
    month = "Mar"
}

 @misc{circPyDoc,
    title = "Adafruit CircuitPython API Reference — Adafruit CircuitPython 8.1.0-beta.0 documentation",
    url = "https://docs.circuitpython.org/en/latest/docs/index.html",
    journal = "docs.circuitpython.org",
    author = "Multiple authors"
}

 @misc{adafruitGit,
    title = "Adafruit CircuitPython CLUE",
    url = "https://github.com/adafruit/Adafruit_CircuitPython_CLUE",
    journal = "Github",
    author = "Adafruit",
    year = "2022",
    note = {date accessed: 16.12.2022}
}

 @misc{circpyLibs,
    title = "CircuitPython Libraries",
    author = "CircuitPython",
    url = "https://circuitpython.org/libraries",
    journal = "circuitpython.org",
    note = {date accessed: 30.12.2022}
}

 @misc{micropython,
    title = "MicroPython latest documentation",
    url = "https://docs.micropython.org/en/latest/index.html",
    journal = "docs.micropython.org",
    author = "MicroPython",
    note = {date accessed: 12.02.2023}
}

@misc{cookiecutter,
    title = "CookieCutter",
    author = "Greenfeld, A.R. and et al.",
    url = "https://github.com/cookiecutter/cookiecutter",
    journal = "Github",
    note = {date access: 15.02.2023}
}

@misc{mpycrossDownloads,
    title = "mpy-cross",
    author = "adafruit-circuit-python",
    url = "https://adafruit-circuit-python.s3.amazonaws.com/index.html?prefix=bin/mpy-cross/",
    note = {date accessed: 13.03.2023}
}

@misc{libraryFileTypes,
    title = "Library File Types and Frozen Libraries",
    author = "Rembor, K. and Ada, L. and Doscher, J. and Schroeder, M.",
    url = "https://learn.adafruit.com/welcome-to-circuitpython/library-file-types-and-frozen-libraries",
    note = {date accessed: 20.03.2023}
}